@Article{Xie2007,
  author   = {Xie, Susu and Li, Bo and Keung, Gabriel Y. and Zhang, Xinyan},
  journal  = {IEEE Transactions on Multimedia},
  title    = {Coolstreaming: Design, Theory, and Practice},
  year     = {2007},
  number   = {8},
  pages    = {1661-1671},
  volume   = {9},
  doi      = {10.1109/TMM.2007.907469},
  keywords = {Streaming media;Topology;Peer to peer computing;Internet;System analysis and design;Content management;Dynamic scheduling;Convergence;Scalability;Technological innovation;IPTV;measurement;peer-to-peer technology;video streaming},
}

@InProceedings{Li2008,
  author    = {Li, B. and Xie, S. and Qu, Y. and Keung, G. Y. and Lin, C. and Liu, J. and Zhang, X.},
  booktitle = {IEEE INFOCOM 2008 - The 27th Conference on Computer Communications},
  title     = {Inside the New Coolstreaming: Principles, Measurements and Performance Implications},
  year      = {2008},
  pages     = {1031-1039},
  doi       = {10.1109/INFOCOM.2008.157},
  keywords  = {Peer to peer computing;Streaming media;Contracts;Internet;Topology;Large-scale systems;Proposals;Delay;Communications Society;Broadcasting},
}

@InProceedings{Zhang2005,
  author    = {Xinyan Zhang and Jiangchuan Liu and Bo Li and Yum, Y.-S.P.},
  booktitle = {Proceedings IEEE 24th Annual Joint Conference of the IEEE Computer and Communications Societies.},
  title     = {CoolStreaming/DONet: a data-driven overlay network for peer-to-peer live media streaming},
  year      = {2005},
  pages     = {2102-2111 vol. 3},
  volume    = {3},
  doi       = {10.1109/INFCOM.2005.1498486},
  keywords  = {Streaming media;Peer to peer computing;Availability;Delay;Scheduling algorithm;Information retrieval;Robustness;Content management;Internet;Large-scale systems},
}

@Article{Li2007,
  author   = {Li, Bo and Xie, Susu and Keung, Gabriel Y. and Liu, Jiangchuan and Stoica, Ion and Zhang, Hui and Zhang, Xinyan},
  journal  = {IEEE Journal on Selected Areas in Communications},
  title    = {An Empirical Study of the Coolstreaming+ System},
  year     = {2007},
  number   = {9},
  pages    = {1627-1639},
  volume   = {25},
  doi      = {10.1109/JSAC.2007.071203},
  keywords = {Peer to peer computing;Streaming media;Internet;Protocols;Computer science;Large-scale systems;Resource management;Prototypes;Scalability;Broadcasting},
}

@InProceedings{Kondo2014,
  author    = {Kondo, Daishi and Hirota, Yusuke and Fujimoto, Akihiro and Tode, Hideki and Murakami, Koso},
  booktitle = {2014 16th International Telecommunications Network Strategy and Planning Symposium (Networks)},
  title     = {P2P live streaming system for multi-view video with fast switching},
  year      = {2014},
  pages     = {1-7},
  doi       = {10.1109/NETWKS.2014.6959253},
  keywords  = {Switches;Peer-to-peer computing;Streaming media;Servers;Delays;Watches;Overlay networks},
}

@InProceedings{Beraldi2010,
  author    = {Beraldi, Roberto and Galiffa, Marco and Alnuweiri, Hussein},
  booktitle = {2010 IEEE 30th International Conference on Distributed Computing Systems Workshops},
  title     = {W-Coolstreaming a Protocol for Collaborative Data Streaming for Wireless Networks},
  year      = {2010},
  pages     = {221-226},
  doi       = {10.1109/ICDCSW.2010.78},
  keywords  = {Peer to peer computing;Streaming media;Delay;Indexes;Protocols;Receivers;Wireless networks},
}

@InProceedings{Lan2011,
  author    = {Shanzhen Lan and Zhang, Qi and Zhang, Xinggong and Zongming Guo},
  booktitle = {2011 3rd International Conference on Computer Research and Development},
  title     = {Dynamic asynchronous buffer management to improve data continuity in P2P live streaming},
  year      = {2011},
  pages     = {65-69},
  volume    = {2},
  doi       = {10.1109/ICCRD.2011.5764085},
  keywords  = {Peer to peer computing;Heuristic algorithms;Synchronization;Availability;Bandwidth;Media;Prediction algorithms;video streaming;playback continuity;peer-to-peer (P2P);buffer synchronization},
}

@Article{Ganesh2003,
  author   = {Ganesh, A.J. and Kermarrec, A.-M. and Massoulie, L.},
  journal  = {IEEE Transactions on Computers},
  title    = {Peer-to-peer membership management for gossip-based protocols},
  year     = {2003},
  number   = {2},
  pages    = {139-149},
  volume   = {52},
  doi      = {10.1109/TC.2003.1176982},
  keywords = {Peer to peer computing;Scalability;Telecommunication network reliability;Multicast protocols;Subscriptions;Large-scale systems;Internet;Computer crashes;Knowledge management},
}

@Comment{jabref-meta: databaseType:bibtex;}
