@INPROCEEDINGS{1498486,
	author={Xinyan Zhang and Jiangchuan Liu and Bo Li and Yum, Y.-S.P.},
	booktitle={Proceedings IEEE 24th Annual Joint Conference of the IEEE Computer and Communications Societies.}, 
	title={CoolStreaming/DONet: a data-driven overlay network for peer-to-peer live media streaming}, 
	year={2005},
	volume={3},
	number={},
	pages={2102-2111 vol. 3},
	keywords={Streaming media;Peer to peer computing;Availability;Delay;Scheduling algorithm;Information retrieval;Robustness;Content management;Internet;Large-scale systems},
	doi={10.1109/INFCOM.2005.1498486}}
@misc{archiveCacheLogicResearch,
	author = {Cachelogic},
	title = {{C}ache{L}ogic : {R}esearch : {T}rue {P}icture of {P}2{P} {F}ilesharing},
	howpublished = {\url{https://web.archive.org/web/20070121014734/http://www.cachelogic.com/home/pages/studies/2004_01.php}},
	year = {2004},
	note = {[Accessed 23-04-2024]},
}