@Article{Xie2007,
  author   = {Xie, Susu and Li, Bo and Keung, Gabriel Y. and Zhang, Xinyan},
  journal  = {IEEE Transactions on Multimedia},
  title    = {Coolstreaming: Design, Theory, and Practice},
  year     = {2007},
  number   = {8},
  pages    = {1661-1671},
  volume   = {9},
  doi      = {10.1109/TMM.2007.907469},
  keywords = {Streaming media;Topology;Peer to peer computing;Internet;System analysis and design;Content management;Dynamic scheduling;Convergence;Scalability;Technological innovation;IPTV;measurement;peer-to-peer technology;video streaming},
}

@Comment{jabref-meta: databaseType:bibtex;}
